<record><leader>00000cas a2200000 a 4500</leader><controlfield tag="001">31273042</controlfield><controlfield tag="008">941012c19829999iluwr ne      0   a0eng c</controlfield><datafield ind1=" " ind2=" " tag="010"><subfield code="a">sn 94060686 </subfield></datafield><datafield ind1=" " ind2=" " tag="040"><subfield code="a">NVF</subfield><subfield code="b">eng</subfield><subfield code="c">NVF</subfield><subfield code="d">NVF</subfield><subfield code="d">OCLCQ</subfield><subfield code="d">OCLCF</subfield><subfield code="d">OCLCO</subfield><subfield code="d">NVF</subfield></datafield><datafield ind1=" " ind2=" " tag="042"><subfield code="a">pcc</subfield></datafield><datafield ind1=" " ind2=" " tag="043"><subfield code="a">n-us-il</subfield></datafield><datafield ind1="0" ind2=" " tag="130"><subfield code="a">Regional news (Palos Heights, Ill.)</subfield></datafield><datafield ind1="1" ind2="4" tag="245"><subfield code="a">The regional news.</subfield></datafield><datafield ind1=" " ind2=" " tag="260"><subfield code="a">Palos Heights, Ill. :</subfield><subfield code="b">Regional Pub. Corp.,</subfield><subfield code="c">1982-</subfield></datafield><datafield ind1=" " ind2=" " tag="300"><subfield code="a">v.</subfield></datafield><datafield ind1=" " ind2=" " tag="310"><subfield code="a">Weekly</subfield></datafield><datafield ind1="0" ind2=" " tag="362"><subfield code="a">41st year, 1st week (Jan. 7, 1982)-</subfield></datafield><datafield ind1="4" ind2=" " tag="521"><subfield code="a">Title serves: Palos Heights, Palos Hills, Palos Park, Orland [Orland Park], and Worth.</subfield></datafield><datafield ind1=" " ind2="0" tag="651"><subfield code="a">Palos Heights (Ill.)</subfield><subfield code="v">Newspapers.</subfield></datafield><datafield ind1=" " ind2="0" tag="651"><subfield code="a">Orland Park (Ill.)</subfield><subfield code="v">Newspapers.</subfield></datafield><datafield ind1=" " ind2="0" tag="651"><subfield code="a">Palos Hills (Ill.)</subfield><subfield code="v">Newspapers.</subfield></datafield><datafield ind1=" " ind2="0" tag="651"><subfield code="a">Palos Park (Ill.)</subfield><subfield code="v">Newspapers.</subfield></datafield><datafield ind1=" " ind2="0" tag="651"><subfield code="a">Worth (Ill.)</subfield><subfield code="v">Newspapers.</subfield></datafield><datafield ind1=" " ind2="7" tag="651"><subfield code="a">Illinois</subfield><subfield code="z">Orland Park.</subfield><subfield code="2">fast</subfield><subfield code="0">(OCoLC)fst01226741</subfield></datafield><datafield ind1=" " ind2="7" tag="651"><subfield code="a">Illinois</subfield><subfield code="z">Palos Heights.</subfield><subfield code="2">fast</subfield><subfield code="0">(OCoLC)fst01226736</subfield></datafield><datafield ind1=" " ind2="7" tag="651"><subfield code="a">Illinois</subfield><subfield code="z">Palos Hills.</subfield><subfield code="2">fast</subfield><subfield code="0">(OCoLC)fst01277916</subfield></datafield><datafield ind1=" " ind2="7" tag="651"><subfield code="a">Illinois</subfield><subfield code="z">Palos Park.</subfield><subfield code="2">fast</subfield><subfield code="0">(OCoLC)fst01250145</subfield></datafield><datafield ind1=" " ind2="7" tag="651"><subfield code="a">Illinois</subfield><subfield code="z">Worth.</subfield><subfield code="2">fast</subfield><subfield code="0">(OCoLC)fst01226744</subfield></datafield><datafield ind1=" " ind2="7" tag="655"><subfield code="a">Newspapers.</subfield><subfield code="2">fast</subfield><subfield code="0">(OCoLC)fst01423814</subfield></datafield><datafield ind1=" " ind2=" " tag="752"><subfield code="a">United States</subfield><subfield code="b">Illinois</subfield><subfield code="c">Cook County</subfield><subfield code="d">Palos Heights.</subfield></datafield><datafield ind1="0" ind2="0" tag="780"><subfield code="t">Palos regional</subfield><subfield code="w">(DLC)sn 94060685</subfield><subfield code="w">(OCoLC)31272995</subfield></datafield></record>